@book{pml0Book,
    author = "Kevin P. Murphy",
    title = "Machine Learning: a Probabilistic Perspective",
    publisher = "MIT Press",
    year = "2012",
    url = "https://probml.github.io/pml-book/book0.html"
}
@book{pml2Book,
    author = "Kevin P. Murphy",
    title = "Probabilistic Machine Learning: Advanced Topics",
    publisher = "MIT Press",
    year = 2023,
    url = "http://probml.github.io/book2"
}
